@inproceedings{DBLP:conf/lics/BerthonMMRV17,
  author    = {Rapha{\"{e}}l Berthon and
               Bastien Maubert and
               Aniello Murano and
               Sasha Rubin and
               Moshe Y. Vardi},
  title     = {Strategy logic with imperfect information},
  booktitle = {32nd Annual {ACM/IEEE} Symposium on Logic in Computer Science, {LICS}
               2017, Reykjavik, Iceland, June 20-23, 2017},
  pages     = {1--12},
  year      = {2017},
  url       = {https://doi.org/10.1109/LICS.2017.8005136},
  doi       = {10.1109/LICS.2017.8005136},
  timestamp = {Thu, 07 Sep 2017 09:27:11 +0200},
  biburl    = {http://dblp.uni-trier.de/rec/bib/conf/lics/BerthonMMRV17},
  bibsource = {dblp computer science bibliography, http://dblp.org}
}

@article{DBLP:journals/siamcomp/HalpernMV04,
  author    = {Joseph Y. Halpern and
               Ron van der Meyden and
               Moshe Y. Vardi},
  title     = {Complete Axiomatizations for Reasoning about Knowledge and Time},
  journal   = {{SIAM} J. Comput.},
  volume    = {33},
  number    = {3},
  pages     = {674--703},
  year      = {2004},
  url       = {https://doi.org/10.1137/S0097539797320906},
  doi       = {10.1137/S0097539797320906},
  timestamp = {Sat, 27 May 2017 14:22:58 +0200},
  biburl    = {http://dblp.uni-trier.de/rec/bib/journals/siamcomp/HalpernMV04},
  bibsource = {dblp computer science bibliography, http://dblp.org}
}

@misc{epistemicSL,
  author = {Francesco Belardinelli},
  title = {A Logic of Knowledge and Strategies with Imperfect Information}
}

@inproceedings{DBLP:conf/fsttcs/MeydenS99,
  author    = {Ron van der Meyden and
               Nikolay V. Shilov},
  title     = {Model Checking Knowledge and Time in Systems with Perfect Recall (Extended Abstract)},
  booktitle = {Foundations of Software Technology and Theoretical Computer Science,
               19th Conference, Chennai, India, December 13-15, 1999, Proceedings},
  pages     = {432--445},
  year      = {1999},
  url       = {https://doi.org/10.1007/3-540-46691-6_35},
  doi       = {10.1007/3-540-46691-6_35},
  timestamp = {Wed, 24 May 2017 15:40:44 +0200},
  biburl    = {http://dblp.uni-trier.de/rec/bib/conf/fsttcs/MeydenS99},
  bibsource = {dblp computer science bibliography, http://dblp.org}
}

@article{DBLP:journals/logcom/LangeS02,
  author    = {Martin Lange and
               Colin Stirling},
  title     = {Model Checking Games for Branching Time Logics},
  journal   = {J. Log. Comput.},
  volume    = {12},
  number    = {4},
  pages     = {623--639},
  year      = {2002},
  url       = {https://doi.org/10.1093/logcom/12.4.623},
  doi       = {10.1093/logcom/12.4.623},
  timestamp = {Wed, 17 May 2017 14:25:55 +0200},
  biburl    = {http://dblp.org/rec/bib/journals/logcom/LangeS02},
  bibsource = {dblp computer science bibliography, http://dblp.org}
}

@article{DBLP:journals/iandc/ChatterjeeHP10,
  author    = {Krishnendu Chatterjee and
               Thomas A. Henzinger and
               Nir Piterman},
  title     = {Strategy logic},
  journal   = {Inf. Comput.},
  volume    = {208},
  number    = {6},
  pages     = {677--693},
  year      = {2010},
  url       = {https://doi.org/10.1016/j.ic.2009.07.004},
  doi       = {10.1016/j.ic.2009.07.004},
  timestamp = {Mon, 06 Nov 2017 12:14:05 +0100},
  biburl    = {http://dblp.org/rec/bib/journals/iandc/ChatterjeeHP10},
  bibsource = {dblp computer science bibliography, http://dblp.org}
}

@inproceedings{DBLP:conf/tark/LadnerR86,
  author    = {Richard E. Ladner and
               John H. Reif},
  title     = {The Logic of Distributed Protocols},
  booktitle = {Proceedings of the 1st Conference on Theoretical Aspects of Reasoning about Knowledge, Monterey, CA, March 1986},
  pages     = {207--222},
  year      = {1986},
  timestamp = {Tue, 05 Mar 2002 15:53:50 +0100},
  biburl    = {http://dblp.org/rec/bib/conf/tark/LadnerR86},
  bibsource = {dblp computer science bibliography, http://dblp.org}
}

@article{sato77,
author = {Sato, Masahiko},
year = {1977},
month = {01},
pages = {},
title = {A Study of Kripke-type Models of Some Modal Logics by Gentzen's Sequential Method},
volume = {13},
booktitle = {Publications of the Research Institute for Mathematical Sciences}
}

@Inbook{Dima2009,
author="Dima, C{\u{a}}t{\u{a}}lin",
editor="Fisher, Michael
and Sadri, Fariba
and Thielscher, Michael",
title="Revisiting Satisfiability and Model-Checking for CTLK with Synchrony and Perfect Recall",
bookTitle="Computational Logic in Multi-Agent Systems: 9th International Workshop, CLIMA IX, Dresden, Germany, September 29-30, 2008. Revised Selected and Invited Papers",
year="2009",
publisher="Springer Berlin Heidelberg",
address="Berlin, Heidelberg",
pages="117--131",
isbn="978-3-642-02734-5",
doi="10.1007/978-3-642-02734-5_8",
url="https://doi.org/10.1007/978-3-642-02734-5_8"
}

@phdthesis{DBLP:phd/hal/Maubert14,
  author    = {Bastien Maubert},
  title     = {Logical foundations of games with imperfect information : uniform
               strategies. (Fondations logiques des jeux {\`{a}} information imparfaite
               : strat{\'{e}}gies uniformes)},
  school    = {University of Rennes 1, France},
  year      = {2014},
  url       = {https://tel.archives-ouvertes.fr/tel-00980490},
  timestamp = {Thu, 30 Jun 2016 14:34:56 +0200},
  biburl    = {http://dblp.org/rec/bib/phd/hal/Maubert14},
  bibsource = {dblp computer science bibliography, http://dblp.org}
}

@inproceedings{DBLP:conf/atal/KongL17,
  author    = {Jeremy Kong and
               Alessio Lomuscio},
  title     = {Symbolic Model Checking Multi-Agent Systems against CTL*K Specifications},
  booktitle = {Proceedings of the 16th Conference on Autonomous Agents and MultiAgent
               Systems, {AAMAS} 2017, S{\~{a}}o Paulo, Brazil, May 8-12, 2017},
  pages     = {114--122},
  year      = {2017},
  url       = {http://dl.acm.org/citation.cfm?id=3091147},
  timestamp = {Wed, 27 Sep 2017 07:24:00 +0200},
  biburl    = {http://dblp.org/rec/bib/conf/atal/KongL17},
  bibsource = {dblp computer science bibliography, http://dblp.org}
}

@article{BOZZELLI201580,
title = "Uniform strategies, rational relations and jumping automata",
journal = "Information and Computation",
volume = "242",
number = "Supplement C",
pages = "80 - 107",
year = "2015",
issn = "0890-5401",
doi = "https://doi.org/10.1016/j.ic.2015.03.012",
url = "http://www.sciencedirect.com/science/article/pii/S0890540115000279",
author = "Laura Bozzelli and Bastien Maubert and Sophie Pinchinat",
keywords = "Games, Imperfect information, Uniform strategies, Logics of knowledge and time, Rational relations, Jumping automata"
}

@inproceedings{DBLP:conf/birthday/LomuscioP12,
  author    = {Alessio Lomuscio and
               Wojciech Penczek},
  title     = {Symbolic Model Checking for Temporal-Epistemic Logic},
  booktitle = {Logic Programs, Norms and Action - Essays in Honor of Marek J. Sergot
               on the Occasion of His 60th Birthday},
  pages     = {172--195},
  year      = {2012},
  url       = {https://doi.org/10.1007/978-3-642-29414-3_10},
  doi       = {10.1007/978-3-642-29414-3_10},
  timestamp = {Tue, 23 May 2017 01:06:48 +0200},
  biburl    = {http://dblp.org/rec/bib/conf/birthday/LomuscioP12},
  bibsource = {dblp computer science bibliography, http://dblp.org}
}

@inproceedings{DBLP:conf/faabs/LomuscioLP02,
  author    = {Alessio Lomuscio and
               T. Lasica and
               Wojciech Penczek},
  title     = {Bounded Model Checking for Interpreted Systems: Preliminary Experimental
               Results},
  booktitle = {Formal Approaches to Agent-Based Systems, Second International Workshop,
               {FAABS} 2002, Greenbelt, MD, USA, October 29-31, 2002, Revised Papers},
  pages     = {115--125},
  year      = {2002},
  url       = {https://doi.org/10.1007/978-3-540-45133-4_10},
  doi       = {10.1007/978-3-540-45133-4_10},
  timestamp = {Mon, 29 May 2017 18:13:30 +0200},
  biburl    = {http://dblp.org/rec/bib/conf/faabs/LomuscioLP02},
  bibsource = {dblp computer science bibliography, http://dblp.org}
}

@inproceedings{DBLP:conf/popl/ClarkeES83,
  author    = {Edmund M. Clarke and
               E. Allen Emerson and
               A. Prasad Sistla},
  title     = {Automatic Verification of Finite State Concurrent Systems Using Temporal
               Logic Specifications: {A} Practical Approach},
  booktitle = {Conference Record of the Tenth Annual {ACM} Symposium on Principles
               of Programming Languages, Austin, Texas, USA, January 1983},
  pages     = {117--126},
  year      = {1983},
  url       = {http://doi.acm.org/10.1145/567067.567080},
  doi       = {10.1145/567067.567080},
  timestamp = {Mon, 21 May 2012 16:19:51 +0200},
  biburl    = {http://dblp.org/rec/bib/conf/popl/ClarkeES83},
  bibsource = {dblp computer science bibliography, http://dblp.org}
}